<?xml version="1.0" encoding="UTF-8"?><collection xmlns="http://www.loc.gov/MARC21/slim"><record><leader>00417nam--2200157-i-4500</leader><controlfield tag="001">000002258</controlfield><controlfield tag="002">20161230</controlfield><controlfield tag="005">20170125171727</controlfield><controlfield tag="008">060222s1000------------r-----000-0-eng-d</controlfield><datafield ind1=" " ind2=" " tag="080"><subfield code="a">541.28(043)</subfield></datafield><datafield ind1=" " ind2=" " tag="100"><subfield code="a">Fieni, Jean-Marc</subfield></datafield><datafield ind1=" " ind2=" " tag="245"><subfield code="a">Structuresresonnantes dans les systemes 12c + 12c et 16o + 12c</subfield><subfield code="b">these</subfield></datafield><datafield ind1=" " ind2=" " tag="260"><subfield code="a">Paris</subfield><subfield code="b">Universite</subfield><subfield code="c">1979</subfield></datafield><datafield ind1=" " ind2=" " tag="300"><subfield code="a">76 p</subfield></datafield><datafield ind1=" " ind2=" " tag="852"><subfield code="a">48415</subfield></datafield><datafield ind1=" " ind2=" " tag="CAT"><subfield code="a">SYS</subfield><subfield code="c">20170125</subfield><subfield code="h">171727</subfield></datafield></record></collection>